wmacmil@w.95236:1645121409